<?xml version="1.0" encoding="UTF-8"?>
<collection xmlns="http://www.loc.gov/MARC21/slim">
   <record>
      <leader>00421nas a2200169I  4500</leader>
      <controlfield tag="001">102659614</controlfield>
      <controlfield tag="003">MiAaHDL</controlfield>
      <controlfield tag="005">20200117000000.0</controlfield>
      <controlfield tag="006">m        d        </controlfield>
      <controlfield tag="007">cr bn ---auaua</controlfield>
      <controlfield tag="008">790629u1uuu9999ae ur p  y    0uduf0arard</controlfield>
      <datafield ind1=" " ind2=" " tag="035">
         <subfield code="a">sdr-hvd.990001481870203941</subfield>
      </datafield>
      <datafield ind1=" " ind2=" " tag="035">
         <subfield code="a">(OCoLC)5123187</subfield>
      </datafield>
      <datafield ind1=" " ind2=" " tag="035">
         <subfield code="z">(MH)Aleph000148187</subfield>
      </datafield>
      <datafield ind1=" " ind2=" " tag="040">
         <subfield code="a">HUL</subfield>
         <subfield code="c">HUL</subfield>
      </datafield>
      <datafield ind1=" " ind2=" " tag="043">
         <subfield code="a">ff-----</subfield>
      </datafield>
      <datafield ind1="0" ind2="0" tag="245">
         <subfield code="a">[Taqwīm Maghribī.]</subfield>
      </datafield>
      <datafield ind1=" " ind2="0" tag="260">
         <subfield code="a">[al-Jazāʾir?],</subfield>
         <subfield code="b">[s.n.]</subfield>
      </datafield>
      <datafield ind1=" " ind2=" " tag="300">
         <subfield code="a">v.</subfield>
         <subfield code="b">ill., ports.</subfield>
         <subfield code="c">25 cm.</subfield>
      </datafield>
      <datafield ind1=" " ind2=" " tag="538">
         <subfield code="a">Mode of access: Internet.</subfield>
      </datafield>
      <datafield ind1=" " ind2=" " tag="CID">
         <subfield code="a">102659614</subfield>
      </datafield>
      <datafield ind1="0" ind2=" " tag="DAT">
         <subfield code="a">20020606090541.3</subfield>
         <subfield code="b">20200117000000.0</subfield>
      </datafield>
      <datafield ind1="1" ind2=" " tag="DAT">
         <subfield code="a">20200118090538.0</subfield>
         <subfield code="b">2020-01-22T19:49:20Z</subfield>
      </datafield>
      <datafield ind1="2" ind2=" " tag="DAT">
         <subfield code="a">2020-01-22T19:00:02Z</subfield>
      </datafield>
      <datafield ind1=" " ind2=" " tag="CAT">
         <subfield code="a">SDR-HVD</subfield>
         <subfield code="d">ALMA</subfield>
         <subfield code="l">prepare.pl-004-008</subfield>
      </datafield>
      <datafield ind1=" " ind2=" " tag="FMT">
         <subfield code="a">SE</subfield>
      </datafield>
      <datafield ind1=" " ind2=" " tag="HOL">
         <subfield code="0">sdr-hvd.990001481870203941</subfield>
         <subfield code="a">hvd</subfield>
         <subfield code="b">SDR</subfield>
         <subfield code="c">HVD</subfield>
         <subfield code="p">hvd.hwr1f4</subfield>
         <subfield code="s">HVD</subfield>
         <subfield code="z">ca. 1912</subfield>
         <subfield code="1">990001481870203941</subfield>
      </datafield>
      <datafield ind1=" " ind2=" " tag="974">
         <subfield code="b">HVD</subfield>
         <subfield code="c">HVD</subfield>
         <subfield code="d">20200122</subfield>
         <subfield code="s">google</subfield>
         <subfield code="u">hvd.hwr1f4</subfield>
         <subfield code="z">ca. 1912</subfield>
         <subfield code="y">1912</subfield>
         <subfield code="r">pdus</subfield>
         <subfield code="q">bib</subfield>
         <subfield code="t">non-US serial item date between 1897 and 1927</subfield>
      </datafield>
   </record>